<record><leader>00000cas a22000007a 4500</leader><controlfield tag="001">11378982</controlfield><controlfield tag="008">841113d1852186uinudn ne      0    0eng d</controlfield><datafield ind1=" " ind2=" " tag="010"><subfield code="a">sn 84045482 </subfield></datafield><datafield ind1=" " ind2=" " tag="040"><subfield code="a">NPI</subfield><subfield code="b">eng</subfield><subfield code="c">NPI</subfield><subfield code="d">OCLCQ</subfield></datafield><datafield ind1=" " ind2=" " tag="042"><subfield code="a">msc</subfield></datafield><datafield ind1="0" ind2=" " tag="130"><subfield code="a">New Albany daily tribune (New Albany, Ind. : 1852)</subfield></datafield><datafield ind1="1" ind2="0" tag="245"><subfield code="a">New Albany daily tribune.</subfield></datafield><datafield ind1=" " ind2=" " tag="260"><subfield code="a">New Albany, Ind. :</subfield><subfield code="b">M. Gregg,</subfield><subfield code="c">1852-</subfield></datafield><datafield ind1=" " ind2=" " tag="300"><subfield code="a">v. :</subfield><subfield code="b">ill. (chiefly advertisements) ;</subfield><subfield code="c">56 cm.</subfield></datafield><datafield ind1=" " ind2=" " tag="310"><subfield code="a">Daily (except Sunday)</subfield></datafield><datafield ind1="0" ind2=" " tag="362"><subfield code="a">Vol. 1, no. 1 (Mar. 22, 1852)-</subfield></datafield><datafield ind1="1" ind2=" " tag="362"><subfield code="a">Ceased sometime during the Civil War.</subfield><subfield code="z">Cf. Miller, Indiana newspaper bibliography.</subfield></datafield><datafield ind1=" " ind2=" " tag="500"><subfield code="a">"The pro-Whig party daily became a Republican party booster when that party began around 1854, and it also supported prohibition and limits on immigration." Cf. Miller.</subfield></datafield><datafield ind1=" " ind2=" " tag="580"><subfield code="a">Also issued in a weekly ed. called: New Albany weekly tribune.</subfield></datafield><datafield ind1=" " ind2=" " tag="752"><subfield code="a">United States</subfield><subfield code="b">Indiana</subfield><subfield code="c">Floyd</subfield><subfield code="d">New Albany.</subfield></datafield><datafield ind1="1" ind2=" " tag="775"><subfield code="t">New Albany weekly tribune (New Albany, Ind. : 1852)</subfield><subfield code="w">(DLC)sn 84037966</subfield></datafield><datafield ind1="0" ind2="0" tag="780"><subfield code="t">New Albany daily bulletin</subfield><subfield code="w">(DLC)sn 85048074</subfield></datafield><datafield ind1="1" ind2=" " tag="029"><subfield code="a">AU@</subfield><subfield code="b">000025832385</subfield></datafield></record>